<record><leader>00000cas a2200000 a 4500</leader><controlfield tag="001">15372861</controlfield><controlfield tag="008">870326d18721875inuwr ne      0    0eng c</controlfield><datafield ind1=" " ind2=" " tag="010"><subfield code="a">sn 87055670 </subfield></datafield><datafield ind1=" " ind2=" " tag="040"><subfield code="a">NPI</subfield><subfield code="b">eng</subfield><subfield code="c">NPI</subfield><subfield code="d">NVF</subfield><subfield code="d">CUI</subfield><subfield code="d">OCLCQ</subfield><subfield code="d">OCLCF</subfield></datafield><datafield ind1=" " ind2=" " tag="042"><subfield code="a">pcc</subfield></datafield><datafield ind1=" " ind2=" " tag="043"><subfield code="a">n-us-in</subfield></datafield><datafield ind1=" " ind2="4" tag="050"><subfield code="a">AN</subfield></datafield><datafield ind1="0" ind2=" " tag="130"><subfield code="a">Terre Haute express (Terre Haute, Ind. : 1872)</subfield></datafield><datafield ind1="1" ind2="4" tag="245"><subfield code="a">The Terre Haute express.</subfield></datafield><datafield ind1=" " ind2=" " tag="260"><subfield code="a">Terre-Haute, Ind. :</subfield><subfield code="b">[s.n.]</subfield></datafield><datafield ind1=" " ind2=" " tag="310"><subfield code="a">Weekly</subfield></datafield><datafield ind1=" " ind2=" " tag="580"><subfield code="a">Daily ed.: Terre Haute express (Terre Haute, Ind. : Daily), 1872-&lt;&gt;.</subfield></datafield><datafield ind1=" " ind2=" " tag="588"><subfield code="a">Description based on: June 19, 1872.</subfield></datafield><datafield ind1=" " ind2="0" tag="651"><subfield code="a">Terre Haute (Ind.)</subfield><subfield code="v">Newspapers.</subfield></datafield><datafield ind1=" " ind2="0" tag="651"><subfield code="a">Vigo County (Ind.)</subfield><subfield code="v">Newspapers.</subfield></datafield><datafield ind1=" " ind2="7" tag="655"><subfield code="a">Newspapers.</subfield><subfield code="2">fast</subfield><subfield code="0">(OCoLC)fst01423814</subfield></datafield><datafield ind1=" " ind2="7" tag="651"><subfield code="a">Indiana</subfield><subfield code="z">Terre Haute.</subfield><subfield code="2">fast</subfield><subfield code="0">(OCoLC)fst01207975</subfield></datafield><datafield ind1=" " ind2="7" tag="651"><subfield code="a">Indiana</subfield><subfield code="z">Vigo County.</subfield><subfield code="2">fast</subfield><subfield code="0">(OCoLC)fst01206381</subfield></datafield><datafield ind1=" " ind2=" " tag="752"><subfield code="a">United States</subfield><subfield code="b">Indiana</subfield><subfield code="c">Vigo</subfield><subfield code="d">Terre Haute.</subfield></datafield><datafield ind1="1" ind2=" " tag="775"><subfield code="t">Terre Haute express (Terre Haute, Ind. : Daily)</subfield><subfield code="w">(DLC)sn 84038186</subfield><subfield code="w">(OCoLC)11254056</subfield></datafield><datafield ind1="0" ind2="0" tag="780"><subfield code="t">Terre-Haute weekly express</subfield><subfield code="w">(DLC)sn 87055669</subfield><subfield code="w">(OCoLC)15376806</subfield></datafield><datafield ind1="0" ind2="0" tag="785"><subfield code="t">Dollar express (Terre Haute, Ind.)</subfield><subfield code="w">(DLC)sn 83025607</subfield><subfield code="w">(OCoLC)9648858</subfield></datafield></record>